@misc{devlin2019bert,
      title={BERT: Pre-training of Deep Bidirectional Transformers for Language Understanding}, 
      author={Jacob Devlin and Ming-Wei Chang and Kenton Lee and Kristina Toutanova},
      year={2019},
      eprint={1810.04805},
      archivePrefix={arXiv},
      primaryClass={cs.CL}
}
@misc{liu2019roberta,
      title={RoBERTa: A Robustly Optimized BERT Pretraining Approach}, 
      author={Yinhan Liu and Myle Ott and Naman Goyal and Jingfei Du and Mandar Joshi and Danqi Chen and Omer Levy and Mike Lewis and Luke Zettlemoyer and Veselin Stoyanov},
      year={2019},
      eprint={1907.11692},
      archivePrefix={arXiv},
      primaryClass={cs.CL}
}
@article{radford2019language,
  title={Language Models are Unsupervised Multitask Learners},
  author={Radford, Alec and Wu, Jeff and Child, Rewon and Luan, David and Amodei, Dario and Sutskever, Ilya},
  year={2019}
}
@misc{lan2020albert,
      title={ALBERT: A Lite BERT for Self-supervised Learning of Language Representations}, 
      author={Zhenzhong Lan and Mingda Chen and Sebastian Goodman and Kevin Gimpel and Piyush Sharma and Radu Soricut},
      year={2020},
      eprint={1909.11942},
      archivePrefix={arXiv},
      primaryClass={cs.CL}
}
@misc{talmor2019commonsenseqa,
      title={CommonsenseQA: A Question Answering Challenge Targeting Commonsense Knowledge}, 
      author={Alon Talmor and Jonathan Herzig and Nicholas Lourie and Jonathan Berant},
      year={2019},
      eprint={1811.00937},
      archivePrefix={arXiv},
      primaryClass={cs.CL}
}
@inproceedings{zhang-chai-2010-towards,
    title = "Towards Conversation Entailment: An Empirical Investigation",
    author = "Zhang, Chen  and
      Chai, Joyce",
    booktitle = "Proceedings of the 2010 Conference on Empirical Methods in Natural Language Processing",
    month = oct,
    year = "2010",
    address = "Cambridge, MA",
    publisher = "Association for Computational Linguistics",
    url = "https://www.aclweb.org/anthology/D10-1074",
    pages = "756--766",
}
@misc{hendrycks2020gaussian,
      title={Gaussian Error Linear Units (GELUs)}, 
      author={Dan Hendrycks and Kevin Gimpel},
      year={2020},
      eprint={1606.08415},
      archivePrefix={arXiv},
      primaryClass={cs.LG}
}
@article{liaw2018tune,
    title={Tune: A Research Platform for Distributed Model Selection and Training},
    author={Liaw, Richard and Liang, Eric and Nishihara, Robert
            and Moritz, Philipp and Gonzalez, Joseph E and Stoica, Ion},
    journal={arXiv preprint arXiv:1807.05118},
    year={2018}
}
@inproceedings{zhang-chai-2009-know,
    title = "What do We Know about Conversation Participants: Experiments on Conversation Entailment",
    author = "Zhang, Chen  and
      Chai, Joyce",
    booktitle = "Proceedings of the {SIGDIAL} 2009 Conference",
    month = sep,
    year = "2009",
    address = "London, UK",
    publisher = "Association for Computational Linguistics",
    url = "https://www.aclweb.org/anthology/W09-3930",
    pages = "206--215",
}
@misc{vaswani2017attention,
      title={Attention Is All You Need}, 
      author={Ashish Vaswani and Noam Shazeer and Niki Parmar and Jakob Uszkoreit and Llion Jones and Aidan N. Gomez and Lukasz Kaiser and Illia Polosukhin},
      year={2017},
      eprint={1706.03762},
      archivePrefix={arXiv},
      primaryClass={cs.CL}
}
@InProceedings{N18-1101,
  author = "Williams, Adina
            and Nangia, Nikita
            and Bowman, Samuel",
  title = "A Broad-Coverage Challenge Corpus for 
           Sentence Understanding through Inference",
  booktitle = "Proceedings of the 2018 Conference of 
               the North American Chapter of the 
               Association for Computational Linguistics:
               Human Language Technologies, Volume 1 (Long
               Papers)",
  year = "2018",
  publisher = "Association for Computational Linguistics",
  pages = "1112--1122",
  location = "New Orleans, Louisiana",
  url = "http://aclweb.org/anthology/N18-1101"
}
@misc{agarap2019deep,
      title={Deep Learning using Rectified Linear Units (ReLU)}, 
      author={Abien Fred Agarap},
      year={2019},
      eprint={1803.08375},
      archivePrefix={arXiv},
      primaryClass={cs.NE}
}
@inproceedings{ott2019fairseq,
  title = {fairseq: A Fast, Extensible Toolkit for Sequence Modeling},
  author = {Myle Ott and Sergey Edunov and Alexei Baevski and Angela Fan and Sam Gross and Nathan Ng and David Grangier and Michael Auli},
  booktitle = {Proceedings of NAACL-HLT 2019: Demonstrations},
  year = {2019},
}
@misc{rajani2019explain,
      title={Explain Yourself! Leveraging Language Models for Commonsense Reasoning}, 
      author={Nazneen Fatema Rajani and Bryan McCann and Caiming Xiong and Richard Socher},
      year={2019},
      eprint={1906.02361},
      archivePrefix={arXiv},
      primaryClass={cs.CL}
}